
@article{Fuchs2011,
author = {Fuchs, Sebastian and Gull, Emanuel and Pollet, Lode and Burovski, Evgeni and Kozik, Evgeny and Pruschke, Thomas and Troyer, Matthias},
doi = {10.1103/PhysRevLett.106.030401},
file = {:home/pmd/Documents/Mendeley/2011/Physical Review Letters/Fuchs et al.\_2011\_Thermodynamics of the 3D Hubbard Model on Approaching the N\'{e}el Transition.pdf:pdf},
issn = {0031-9007},
journal = {Physical Review Letters},
month = jan,
number = {3},
pages = {030401},
title = {{Thermodynamics of the 3D Hubbard Model on Approaching the N\'{e}el Transition}},
url = {http://link.aps.org/doi/10.1103/PhysRevLett.106.030401},
volume = {106},
year = {2011}
}


@article{Paiva2011,
author = {Paiva, Thereza and Loh, Yen Lee and Randeria, Mohit and Scalettar, Richard T. and Trivedi, Nandini},
doi = {10.1103/PhysRevLett.107.086401},
file = {:home/pmd/Documents/Mendeley/2011/Physical Review Letters/Paiva et al.\_2011\_Fermions in 3D Optical Lattices Cooling Protocol to Obtain Antiferromagnetism.pdf:pdf},
issn = {0031-9007},
journal = {Physical Review Letters},
month = aug,
number = {8},
pages = {086401},
title = {{Fermions in 3D Optical Lattices: Cooling Protocol to Obtain Antiferromagnetism}},
url = {http://link.aps.org/doi/10.1103/PhysRevLett.107.086401},
volume = {107},
year = {2011}
}


@article{Henderson1992,
author = {Henderson, J. and Oitmaa, J. and Ashley, M.},
doi = {10.1103/PhysRevB.46.6328},
file = {:home/pmd/Documents/Mendeley/1992/Physical Review B/Wales\_1992\_No Title.pdf:pdf},
issn = {0163-1829},
journal = {Physical Review B},
month = sep,
number = {10},
pages = {6328--6337},
title = {{High-temperature expansion for the single-band Hubbard model}},
url = {http://link.aps.org/doi/10.1103/PhysRevB.46.6328},
volume = {46},
year = {1992}
}


@phdthesis{Jordens2010,
author = {J\"{o}rdens, Robert},
file = {:home/pmd/Documents/Mendeley/2010/Unknown/J\"{o}rdens\_2010\_Metallic and Mott-insulating phases in fermionic quantum gases presented by.pdf:pdf},
keywords = {ultracold atoms, quantum gases, fermions, optical },
title = {{Metallic and Mott-insulating phases in fermionic quantum gases presented by}},
school = {ETH Z\"{u}rich},
year = 2010,
}


@article{Mathy2012,
author = {Mathy, Charles J. M. and Huse, David a. and Hulet, Randall G.},
doi = {10.1103/PhysRevA.86.023606},
file = {:home/pmd/Documents/Mendeley/2012/Physical Review A/Mathy, Huse, Hulet\_2012\_Enlarging and cooling the N\'{e}el state in an optical lattice.pdf:pdf},
issn = {1050-2947},
journal = {Physical Review A},
month = aug,
number = {2},
pages = {023606},
title = {{Enlarging and cooling the N\'{e}el state in an optical lattice}},
url = {http://link.aps.org/doi/10.1103/PhysRevA.86.023606},
volume = {86},
year = {2012}
}


@article{OHara2001,
author = {O’Hara, K. and Gehm, M. and Granade, S. and Thomas, J.},
doi = {10.1103/PhysRevA.64.051403},
file = {:home/pmd/Documents/Mendeley/2001/Physical Review A/O’Hara et al.\_2001\_Scaling laws for evaporative cooling in time-dependent optical traps.pdf:pdf},
issn = {1050-2947},
journal = {Physical Review A},
month = oct,
number = {5},
pages = {051403},
title = {{Scaling laws for evaporative cooling in time-dependent optical traps}},
url = {http://link.aps.org/doi/10.1103/PhysRevA.64.051403},
volume = {64},
year = {2001}
}

@article{Kohl2006,
author = {K\"{o}hl, Michael},
doi = {10.1103/PhysRevA.73.031601},
file = {:home/pmd/Documents/Mendeley/2006/Physical Review A/K\"{o}hl\_2006\_Thermometry of fermionic atoms in an optical lattice.pdf:pdf},
issn = {1050-2947},
journal = {Physical Review A},
month = mar,
number = {3},
pages = {031601},
title = {{Thermometry of fermionic atoms in an optical lattice}},
url = {http://link.aps.org/doi/10.1103/PhysRevA.73.031601},
volume = {73},
year = {2006}
}


@article{Bloch2008,
author = {Bloch, Immanuel and Zwerger, Wilhelm},
doi = {10.1103/RevModPhys.80.885},
file = {:home/pmd/Documents/Mendeley/2008/Reviews of Modern Physics/Bloch, Zwerger\_2008\_Many-body physics with ultracold gases.pdf:pdf},
issn = {0034-6861},
journal = {Reviews of Modern Physics},
month = jul,
number = {3},
pages = {885--964},
title = {{Many-body physics with ultracold gases}},
url = {http://link.aps.org/doi/10.1103/RevModPhys.80.885},
volume = {80},
year = {2008}
}


@phdthesis{Schneider2010,
author = {Ulrich Schneider},
title = {{Interacting Fermionic Atoms in Optical Lattices - A Quantum Simulator for Condensed Matter Physics. }},
school = {Johannes Gutenberg - Universitat in Mainz},
year = 2010,
}
