


@article{RevModPhys.78.179,
  title = {Dynamics of Bose-Einstein condensates in optical lattices},
  author = {Morsch, Oliver and Oberthaler, Markus},
  journal = {Rev. Mod. Phys.},
  volume = {78},
  issue = {1},
  pages = {179--215},
  year = {2006},
  month = {Feb},
  doi = {10.1103/RevModPhys.78.179},
  url = {http://link.aps.org/doi/10.1103/RevModPhys.78.179},
  publisher = {American Physical Society}
}


@book{fetter2003quantum,
  title={Quantum Theory of Many-particle Systems},
  author={Fetter, A.L. and Walecka, J.D.},
  isbn={9780486428277},
  lccn={2003043536},
  series={Dover Books on Physics},
  url={http://books.google.com/books?id=0wekf1s83b0C},
  year={2003},
  publisher={Dover Publications}
}

@book{schwabl2005advanced,
  title={Advanced Quantum Mechanics},
  author={Schwabl, F.},
  isbn={9783540259015},
  lccn={2005928641},
  series={Advanced texts in physics},
  url={http://books.google.com/books?id=UOYrOxQWRkUC},
  year={2005},
  publisher={Springer}
}



@book{salomon2013many,
  title={Many-Body Physics with Ultracold Gases: Lecture Notes of the Les Houches Summer School: Volume 94, July 2010},
  author={Salomon, C. and Shlyapnikov, G.V. and Cugliandolo, L.F.},
  isbn={9780199661886},
  lccn={2013426169},
  series={Lecture Notes of the Les Houches Summer School},
  url={http://books.google.com/books?id=5E-DNf3o1lcC},
  year={2013},
  publisher={OUP Oxford}
}


@article{PhysRev.87.807,
  title = {A Soluble Problem in Energy Bands},
  author = {Slater, J. C.},
  journal = {Phys. Rev.},
  volume = {87},
  issue = {5},
  pages = {807--835},
  year = {1952},
  month = {Sep},
  doi = {10.1103/PhysRev.87.807},
  url = {http://link.aps.org/doi/10.1103/PhysRev.87.807},
  publisher = {American Physical Society}
}


@article{Bloch2008,
author = {Bloch, Immanuel and Zwerger, Wilhelm},
doi = {10.1103/RevModPhys.80.885},
file = {:home/pmd/Documents/Mendeley/2008/Reviews of Modern Physics/Bloch, Zwerger\_2008\_Many-body physics with ultracold gases.pdf:pdf},
issn = {0034-6861},
journal = {Reviews of Modern Physics},
month = jul,
number = {3},
pages = {885--964},
title = {{Many-body physics with ultracold gases}},
url = {http://link.aps.org/doi/10.1103/RevModPhys.80.885},
volume = {80},
year = {2008}
}

@article{Kohn1959,
author = {Kohn, W.},
doi = {10.1103/PhysRev.115.809},
file = {:home/pmd/Documents/Mendeley/1959/Physical Review/Kohn\_1959\_Analytic Properties of Bloch Waves and Wannier Functions.pdf:pdf},
issn = {0031-899X},
journal = {Physical Review},
month = aug,
number = {4},
pages = {809--821},
title = {{Analytic Properties of Bloch Waves and Wannier Functions}},
url = {http://link.aps.org/doi/10.1103/PhysRev.115.809},
volume = {115},
year = {1959}
}

@article{Busch1998,
author = {Busch, Thomas and Englert, BG and Rza≈ºewski, K and Wilkens, Martin},
file = {:home/pmd/Documents/Mendeley/1998/Foundations of Physics/Busch et al.\_1998\_Two cold atoms in a harmonic trap.pdf:pdf},
journal = {Foundations of Physics},
pages = {549--559},
title = {{Two cold atoms in a harmonic trap}},
url = {http://link.springer.com/article/10.1023/A:1018705520999},
year = {1998}
}

@phdthesis{Jordens2010,
author = {J\"{o}rdens, Robert},
file = {:home/pmd/Documents/Mendeley/2010/Unknown/J\"{o}rdens\_2010\_Metallic and Mott-insulating phases in fermionic quantum gases presented by.pdf:pdf},
keywords = {ultracold atoms, quantum gases, fermions, optical },
title = {{Metallic and Mott-insulating phases in fermionic quantum gases presented by}},
school = {ETH Z\"{u}rich},
year = 2010,
}

@phdthesis{Mark2012,
author = {Mark, Manfred},
file = {:home/pmd/Documents/Mendeley/2012/Unknown/Mark\_2012\_Experiments with tunable quantum gases in optical lattices.pdf:pdf},
title = {{Experiments with tunable quantum gases in optical lattices}},
year = {2012},
school = {Innsbruck},
month = jan
}

@article{Henderson1992,
author = {Henderson, J. and Oitmaa, J. and Ashley, M.},
doi = {10.1103/PhysRevB.46.6328},
file = {:home/pmd/Documents/Mendeley/1992/Physical Review B/Wales\_1992\_No Title.pdf:pdf},
issn = {0163-1829},
journal = {Physical Review B},
month = sep,
number = {10},
pages = {6328--6337},
title = {{High-temperature expansion for the single-band Hubbard model}},
url = {http://link.aps.org/doi/10.1103/PhysRevB.46.6328},
volume = {46},
year = {1992}
}

@article{Fuchs2011,
author = {Fuchs, Sebastian and Gull, Emanuel and Pollet, Lode and Burovski, Evgeni and Kozik, Evgeny and Pruschke, Thomas and Troyer, Matthias},
doi = {10.1103/PhysRevLett.106.030401},
file = {:home/pmd/Documents/Mendeley/2011/Physical Review Letters/Fuchs et al.\_2011\_Thermodynamics of the 3D Hubbard Model on Approaching the N\'{e}el Transition.pdf:pdf},
issn = {0031-9007},
journal = {Physical Review Letters},
month = jan,
number = {3},
pages = {030401},
title = {{Thermodynamics of the 3D Hubbard Model on Approaching the N\'{e}el Transition}},
url = {http://link.aps.org/doi/10.1103/PhysRevLett.106.030401},
volume = {106},
year = {2011}
}

@article{Staudt2000,
author = {Staudt, R and Dzierzawa, M and Muramatsu, A},
doi = {10.1007/s100510070120},
file = {:home/pmd/Documents/Mendeley/2000/The European Physical Journal B/Staudt, Dzierzawa, Muramatsu\_2000\_Phase diagram of the three-dimensional Hubbard model at half filling.pdf:pdf},
issn = {1434-6028},
journal = {The European Physical Journal B},
month = oct,
number = {3},
pages = {411--415},
title = {{Phase diagram of the three-dimensional Hubbard model at half filling}},
url = {http://link.springer.com/10.1007/s100510070120},
volume = {17},
year = {2000}
}

@article{Kent2005,
author = {Kent, P. and Jarrell, M. and Maier, T. and Pruschke, Th.},
doi = {10.1103/PhysRevB.72.060411},
file = {:home/pmd/Documents/Mendeley/2005/Physical Review B/Kent et al.\_2005\_Efficient calculation of the antiferromagnetic phase diagram of the three-dimensional Hubbard model.pdf:pdf},
issn = {1098-0121},
journal = {Physical Review B},
month = aug,
number = {6},
pages = {060411},
title = {{Efficient calculation of the antiferromagnetic phase diagram of the three-dimensional Hubbard model}},
url = {http://link.aps.org/doi/10.1103/PhysRevB.72.060411},
volume = {72},
year = {2005}
}

@article{Paiva2011,
author = {Paiva, Thereza and Loh, Yen Lee and Randeria, Mohit and Scalettar, Richard T. and Trivedi, Nandini},
doi = {10.1103/PhysRevLett.107.086401},
file = {:home/pmd/Documents/Mendeley/2011/Physical Review Letters/Paiva et al.\_2011\_Fermions in 3D Optical Lattices Cooling Protocol to Obtain Antiferromagnetism.pdf:pdf},
issn = {0031-9007},
journal = {Physical Review Letters},
month = aug,
number = {8},
pages = {086401},
title = {{Fermions in 3D Optical Lattices: Cooling Protocol to Obtain Antiferromagnetism}},
url = {http://link.aps.org/doi/10.1103/PhysRevLett.107.086401},
volume = {107},
year = {2011}
}

@article{Mathy2012,
author = {Mathy, Charles J. M. and Huse, David a. and Hulet, Randall G.},
doi = {10.1103/PhysRevA.86.023606},
file = {:home/pmd/Documents/Mendeley/2012/Physical Review A/Mathy, Huse, Hulet\_2012\_Enlarging and cooling the N\'{e}el state in an optical lattice.pdf:pdf},
issn = {1050-2947},
journal = {Physical Review A},
month = aug,
number = {2},
pages = {023606},
title = {{Enlarging and cooling the N\'{e}el state in an optical lattice}},
url = {http://link.aps.org/doi/10.1103/PhysRevA.86.023606},
volume = {86},
year = {2012}
}

@misc{Scalettar:hubbard7,
      author = "Scalettar, Richard",
      title = "QUEST: QUantum Electron Simulation Toolbox ",
      month = Dec,
      year = 2013,
      howpublished = {\url{http://quest.ucdavis.edu/tutorial/hubbard7.pdf}}
}


@article{Zurn2013,
author = {Z\"{u}rn, G. and Lompe, T. and Wenz, a. N. and Jochim, S. and Julienne, P. S. and Hutson, J. M.},
doi = {10.1103/PhysRevLett.110.135301},
file = {:home/pmd/Documents/Mendeley/2013/Physical Review Letters/Z\"{u}rn et al.\_2013\_Precise Characterization of \^{6}Li Feshbach Resonances Using Trap-Sideband-Resolved RF Spectroscopy of Weakly Bound Mol.pdf:pdf},
issn = {0031-9007},
journal = {Physical Review Letters},
month = mar,
number = {13},
pages = {135301},
title = {{Precise Characterization of \^{6}Li Feshbach Resonances Using Trap-Sideband-Resolved RF Spectroscopy of Weakly Bound Molecules}},
url = {http://link.aps.org/doi/10.1103/PhysRevLett.110.135301},
volume = {110},
year = {2013}
}

@article{Thalhammer2006,
author = {Thalhammer, G. and Winkler, K. and Lang, F. and Schmid, S. and Grimm, R. and Denschlag, J. Hecker},
doi = {10.1103/PhysRevLett.96.050402},
file = {:home/pmd/Documents/Mendeley/2006/Physical Review Letters/Thalhammer et al.\_2006\_Long-Lived Feshbach Molecules in a Three-Dimensional Optical Lattice.pdf:pdf},
issn = {0031-9007},
journal = {Physical Review Letters},
month = feb,
number = {5},
pages = {050402},
title = {{Long-Lived Feshbach Molecules in a Three-Dimensional Optical Lattice}},
url = {http://link.aps.org/doi/10.1103/PhysRevLett.96.050402},
volume = {96},
year = {2006}
}


@article{Gorelik2010,
author = {Gorelik, E. V. and Titvinidze, I. and Hofstetter, W. and Snoek, M. and Bl\"{u}mer, N.},
doi = {10.1103/PhysRevLett.105.065301},
file = {:home/pmd/Documents/Mendeley/2010/Physical Review Letters/Gorelik et al.\_2010\_N\'{e}el Transition of Lattice Fermions in a Harmonic Trap A Real-Space Dynamic Mean-Field Study.pdf:pdf},
issn = {0031-9007},
journal = {Physical Review Letters},
month = aug,
number = {6},
pages = {065301},
title = {{N\'{e}el Transition of Lattice Fermions in a Harmonic Trap: A Real-Space Dynamic Mean-Field Study}},
url = {http://link.aps.org/doi/10.1103/PhysRevLett.105.065301},
volume = {105},
year = {2010}
}

@article{DeLeo2008,
author = {{De Leo}, Lorenzo and Kollath, Corinna and Georges, Antoine and Ferrero, Michel and Parcollet, Olivier},
doi = {10.1103/PhysRevLett.101.210403},
file = {:home/pmd/Documents/Mendeley/2008/Physical Review Letters/De Leo et al.\_2008\_Trapping and Cooling Fermionic Atoms into Mott and N\'{e}el States.pdf:pdf},
issn = {0031-9007},
journal = {Physical Review Letters},
month = nov,
number = {21},
pages = {210403},
title = {{Trapping and Cooling Fermionic Atoms into Mott and N\'{e}el States}},
url = {http://link.aps.org/doi/10.1103/PhysRevLett.101.210403},
volume = {101},
year = {2008}
}

@article{DeLeo2011,
author = {{De Leo}, Lorenzo and Bernier, Jean-S\'{e}bastien and Kollath, Corinna and Georges, Antoine and Scarola, Vito W.},
doi = {10.1103/PhysRevA.83.023606},
file = {:home/pmd/Documents/Mendeley/2011/Physical Review A/De Leo et al.\_2011\_Thermodynamics of the three-dimensional Hubbard model Implications for cooling cold atomic gases in optical lattices.pdf:pdf},
issn = {1050-2947},
journal = {Physical Review A},
month = feb,
number = {2},
pages = {023606},
title = {{Thermodynamics of the three-dimensional Hubbard model: Implications for cooling cold atomic gases in optical lattices}},
url = {http://link.aps.org/doi/10.1103/PhysRevA.83.023606},
volume = {83},
year = {2011}
}

@article{Jordens2010b,
author = {J\"{o}rdens, R. and Tarruell, L. and Greif, D. and Uehlinger, T. and Strohmaier, N. and Moritz, H. and Esslinger, T. and {De Leo}, L. and Kollath, C. and Georges, a. and Scarola, V. and Pollet, L. and Burovski, E. and Kozik, E. and Troyer, M.},
doi = {10.1103/PhysRevLett.104.180401},
file = {:home/pmd/Documents/Mendeley/2010/Physical Review Letters/J\"{o}rdens et al.\_2010\_Quantitative Determination of Temperature in the Approach to Magnetic Order of Ultracold Fermions in an Optical Lat.pdf:pdf},
issn = {0031-9007},
journal = {Physical Review Letters},
month = may,
number = {18},
pages = {180401},
title = {{Quantitative Determination of Temperature in the Approach to Magnetic Order of Ultracold Fermions in an Optical Lattice}},
url = {http://link.aps.org/doi/10.1103/PhysRevLett.104.180401},
volume = {104},
year = {2010}
}

